<record><leader>00000cas a22000007a 4500</leader><controlfield tag="001">9526818</controlfield><controlfield tag="008">830519d19611966maudr ne      0    0eng d</controlfield><datafield ind1=" " ind2=" " tag="010"><subfield code="a">sn 83045541 </subfield></datafield><datafield ind1=" " ind2=" " tag="040"><subfield code="a">CRL</subfield><subfield code="b">eng</subfield><subfield code="c">CRL</subfield><subfield code="d">NPW</subfield><subfield code="d">MGN</subfield><subfield code="d">CRL</subfield><subfield code="d">OCLCO</subfield><subfield code="d">OCLCF</subfield><subfield code="d">OCLCO</subfield></datafield><datafield ind1=" " ind2=" " tag="042"><subfield code="a">msc</subfield></datafield><datafield ind1="0" ind2=" " tag="130"><subfield code="a">Record American (Boston, Mass.)</subfield></datafield><datafield ind1="0" ind2="0" tag="245"><subfield code="a">Record American.</subfield></datafield><datafield ind1="1" ind2="0" tag="246"><subfield code="a">Boston Sunday advertiser</subfield></datafield><datafield ind1=" " ind2=" " tag="260"><subfield code="a">Boston, Mass. :</subfield><subfield code="b">The Hearst Corp.,</subfield></datafield><datafield ind1=" " ind2=" " tag="300"><subfield code="a">v.</subfield><subfield code="b">ill.</subfield></datafield><datafield ind1=" " ind2=" " tag="310"><subfield code="a">Daily</subfield></datafield><datafield ind1="0" ind2=" " tag="362"><subfield code="a">Vol. 1, no. 1 (Oct. 2, 1961)-v. 5, no. 134 (Mar. 5, 1966).</subfield></datafield><datafield ind1=" " ind2=" " tag="500"><subfield code="a">On Sundays published as: Boston Sunday advertiser.</subfield></datafield><datafield ind1=" " ind2=" " tag="515"><subfield code="a">Suspended due to strike, Mar. 7-Apr. 8, 1966.  Resumed publication as Boston record American.</subfield></datafield><datafield ind1=" " ind2=" " tag="515"><subfield code="a">Several chronological editions available.</subfield></datafield><datafield ind1=" " ind2="0" tag="651"><subfield code="a">Boston (Mass.)</subfield><subfield code="v">Newspapers.</subfield></datafield><datafield ind1=" " ind2="0" tag="651"><subfield code="a">Suffolk County (Mass.)</subfield><subfield code="v">Newspapers.</subfield></datafield><datafield ind1=" " ind2="7" tag="655"><subfield code="a">Newspapers.</subfield><subfield code="2">fast</subfield><subfield code="0">(OCoLC)fst01423814</subfield></datafield><datafield ind1=" " ind2="7" tag="651"><subfield code="a">Massachusetts</subfield><subfield code="z">Boston.</subfield><subfield code="2">fast</subfield><subfield code="0">(OCoLC)fst01205012</subfield></datafield><datafield ind1=" " ind2="7" tag="651"><subfield code="a">Massachusetts</subfield><subfield code="z">Suffolk County.</subfield><subfield code="2">fast</subfield><subfield code="0">(OCoLC)fst01206189</subfield></datafield><datafield ind1=" " ind2=" " tag="752"><subfield code="a">United States</subfield><subfield code="b">Massachusetts</subfield><subfield code="c">Suffolk</subfield><subfield code="d">Boston.</subfield></datafield><datafield ind1="0" ind2=" " tag="775"><subfield code="t">Record American (Boston, Mass. : Cambridge Somerville ed.)</subfield><subfield code="w">(DLC)sn 91057110</subfield><subfield code="w">(OCoLC)24024663</subfield></datafield><datafield ind1="0" ind2="4" tag="780"><subfield code="t">Daily record (Boston, Mass.)</subfield><subfield code="w">(DLC)sn 86071090</subfield><subfield code="w">(OCoLC)13148675</subfield></datafield><datafield ind1="0" ind2="4" tag="780"><subfield code="t">Boston American (Boston, Mass. : 1957)</subfield><subfield code="w">(DLC)sn 91057117</subfield><subfield code="w">(OCoLC)24024735</subfield></datafield><datafield ind1="0" ind2="0" tag="785"><subfield code="t">Boston record American (Boston, Mass.)</subfield><subfield code="w">(DLC)sn 91057109</subfield><subfield code="w">(OCoLC)24024648</subfield></datafield></record>